
@book{RobertCook1989,
  author = {Robert D. Cook and David S. Malkus and Michael E. Plesha},
  title = {Concepts and Applications of Finite Element Analysis},
  year = {1989},
  edition = {Third Edition},
  isbn = {0-471-84788-7}
}